@article{RandomForests2001,
  title = {Random {{Forests}}},
  author = {Breiman, Leo},
  year = {2001},
  month = {oct},
  journal = {Machine Learning},
  volume = {45},
  number = {1},
  pages = {5--32}
}

@inbook{Machines2002,
  title = {Support {{Vector Machines}}},
  booktitle = {Learning to {{Classify Text Using Support Vector Machines}}},
  author = {Joachims, Thorsten},
  year = {2002},
  pages = {35--44},
  publisher = {{Springer US}},
  address = {{Boston, MA}},
  collaborator = {Joachims, Thorsten},
  isbn = {978-1-4613-5298-3 978-1-4615-0907-3}
}
